<record><leader>00000cas a22000007a 4500</leader><controlfield tag="001">14768995</controlfield><controlfield tag="008">861119d19111918txudn ne      0    0eng d</controlfield><datafield ind1=" " ind2=" " tag="010"><subfield code="a">sn 86090118 </subfield></datafield><datafield ind1=" " ind2=" " tag="040"><subfield code="a">PPM</subfield><subfield code="b">eng</subfield><subfield code="c">PPM</subfield><subfield code="d">OCLCQ</subfield></datafield><datafield ind1=" " ind2=" " tag="042"><subfield code="a">msc</subfield></datafield><datafield ind1="0" ind2="4" tag="245"><subfield code="a">The San Marcos daily times.</subfield></datafield><datafield ind1="1" ind2="3" tag="246"><subfield code="a">San Marcos daily times and herald</subfield></datafield><datafield ind1=" " ind2=" " tag="260"><subfield code="a">San Marcos, Tex. :</subfield><subfield code="b">San Marcos Print. Co.</subfield></datafield><datafield ind1=" " ind2=" " tag="300"><subfield code="a">v.</subfield></datafield><datafield ind1=" " ind2=" " tag="310"><subfield code="a">Daily (except Sun.)</subfield></datafield><datafield ind1="1" ind2=" " tag="362"><subfield code="a">Began in 1911?</subfield></datafield><datafield ind1="1" ind2=" " tag="362"><subfield code="a">Ceased in 1918?</subfield></datafield><datafield ind1=" " ind2=" " tag="588"><subfield code="a">Description based on: Vol. 5, no. 201 (Jan. 20, 1916).</subfield></datafield><datafield ind1=" " ind2=" " tag="752"><subfield code="a">United States</subfield><subfield code="b">Texas</subfield><subfield code="c">Hays</subfield><subfield code="d">San Marcos.</subfield></datafield><datafield ind1="0" ind2="0" tag="785"><subfield code="t">San Marcos times (San Marcos, Tex. : 1918)</subfield><subfield code="w">(DLC)sn 86090117</subfield></datafield></record>